

@techreport{BSI_RNG_2024,
  title       = {{A Proposal for Functionality Classes for Random Number Generators}},
  author      = {Peter, Matthias and Schindler, Werner },
  institution = {Bundesamt für Sicherheit in der Informationstechnik (BSI)},
  address     = {Bonn, Germany},
  year        = {2024},
  type        = {Technical Guideline},
  url         = {https://www.bsi.bund.de/dok/randomnumbergenerators}
}

@standard{ETSI_EN_303_645,
  title        = {{Cyber Security for Consumer Internet of Things: Baseline Requirements}},
  organization = {European Telecommunications Standards Institute (ETSI)},
  number       = {EN 303 645},
  year         = {2020},
  month        = {June},
  url          = {https://www.etsi.org/deliver/etsi_en/303600_303699/303645/02.01.01_60/en_303645v020101p.pdf}
}


@article{NB-IoT,
  author     = {Wang, Y.-P. Eric and Lin, Xingqin and Adhikary, Ansuman and Grovlen, Asbjorn and Sui, Yutao and Blankenship, Yufei and Bergman, Johan and Razaghi, Hazhir S.},
  title      = {A Primer on 3GPP Narrowband Internet of Things},
  year       = {2017},
  issue_date = {March 2017},
  publisher  = {IEEE Press},
  volume     = {55},
  number     = {3},
  issn       = {0163-6804},
  doi        = {10.1109/MCOM.2017.1600510CM},
  journal    = {Comm. Mag.},
  month      = mar,
  pages      = {117–123},
  numpages   = {7}
}


@misc{RFC7252,
  title     = {RFC 7252: The constrained application protocol (CoAP)},
  author    = {Shelby, Zach and Hartke, Klaus and Bormann, Carsten},
  year      = {2014},
  publisher = {RFC Editor}
}


@misc{MatterStandard2024,
  title        = {Matter Specification R1.4},
  author       = {{Connectivity Standards Alliance}},
  organization = {Connectivity Standards Alliance, Inc.},
  year         = {2024},
  month        = {November},
  url          = {https://www.csa-iot.org},
  address      = {Davis, CA, USA}
}


@misc{thread_standard,
  author       = {Thread Group},
  title        = {Thread: A Secure, Reliable, and Scalable Mesh Networking Protocol},
  howpublished = {Online},
  year         = {2015},
  url          = {https://www.threadgroup.org/What-is-Thread/Thread-Benefits},
  note         = {Accessed: 2022-11-08}
}

@misc{RFC7228,
  title     = {RFC 7228: Terminology for constrained-node networks},
  author    = {Bormann, Carsten and Ersue, Mehmet and Keranen, Ari},
  year      = {2014},
  publisher = {RFC Editor}
}

@techreport{nist_fips_202,
  author = {{National Institute of Standards and Technology (NIST)}},
  title  = {{SHA-3 Standard: Permutation-Based Hash and
Extendable-Output Functions}},
institute = {{NIST}},
  number = {FIPS 202},
  year   = {2015},
  month  = {August},
  url    = {https://nvlpubs.nist.gov/nistpubs/FIPS/NIST.FIPS.202.pdf},
  note   = {Accessed: 2024-10-23}
}
@techreport{nist_fips_203,
  author      = {{National Institute of Standards and Technology (NIST)}},
    institute = {{NIST}},
  title       = {Module-Lattice-Based Key-Encapsulation Mechanism Standard},
  number      = {FIPS 203},
  year        = {2023},
  month       = {August},
  url         = {https://nvlpubs.nist.gov/nistpubs/FIPS/NIST.FIPS.203.pdf},
  note        = {Accessed: 2024-10-23}
}

@techreport{nist_fips_204,
  author = {{National Institute of Standards and Technology (NIST)}},
  title  = {Module-Lattice-Based Digital Signature Standard},
  number = {FIPS 204},
  year   = {2024},
  month  = {August},
  url    = {https://nvlpubs.nist.gov/nistpubs/FIPS/NIST.FIPS.204.pdf},
  note   = {Accessed: 2024-10-23}
}

@techreport{nist_fips_205,
  author      = {{National Institute of Standards and Technology (NIST)}},
  title       = {Stateless Hash-Based Digital Signature Standard},
  institution = {Department of Commerce, Washington, D.C.},
  year        = {2024},
  type        = {Federal Information Processing Standards Publication},
  number      = {NIST FIPS 205},
  doi         = {10.6028/NIST.FIPS.205},
  url         = {https://doi.org/10.6028/NIST.FIPS.205}
}

@techreport{NIST-800-56C,
  title   = {Recommendation for Key-Derivation Methods in Key-Establishment Schemes},
  author  = {Barker, Elaine and Chen, Lily and Davis, Richard},
  journal = {NIST Special Publication 800-56C revision 2},
  url     = {https://nvlpubs.nist.gov/nistpubs/SpecialPublications/NIST.SP.800-56Cr2.pdf},
  year    = {2020}
}

@misc{nist_pqc_project,
  author       = {{National Institute of Standards and Technology (NIST)}},
  title        = {Post-Quantum Cryptography (PQC) Project},
  howpublished = {\url{https://csrc.nist.gov/projects/post-quantum-cryptography}},
  note         = {Accessed: 2024-9-23},
  year         = {2024},
  institution  = {National Institute of Standards and Technology (NIST)}
}

@article{RFC8949,
  title   = {RFC 8949: Concise Binary Object Representation (CBOR)},
  author  = {Bormann, C and Hoffman, P},
  journal = {Internet Engineering Task Force (IETF)},
  year    = {2020}
}


@techreport{nist80090a,
  title       = {Recommendation for Random Number Generation Using Deterministic Random Bit Generators},
  author      = {Elaine Barker and John Kelsey},
  institution = {National Institute of Standards and Technology},
  number      = {NIST Special Publication 800-90A Revision 1},
  year        = {2015},
  month       = {June},
  url         = {https://nvlpubs.nist.gov/nistpubs/SpecialPublications/NIST.SP.800-90Ar1.pdf},
  note        = {Accessed: 2024-10-23}
}

@article{NIST-GMAC,
  title     = {Recommendation for block cipher modes of operation: Galois/Counter Mode (GCM) and GMAC},
  author    = {Dworkin, Morris J},
  year      = {2007},
  publisher = {Morris J. Dworkin}
}


@article{NIST-CMAC,
  title     = {Recommendation for block cipher modes of operation: The CMAC mode for authentication},
  author    = {Dworkin, Morris J},
  year      = {2016},
  publisher = {Morris J. Dworkin}
}


@techreport{NIST-ECC-recom,
  title       = {Recommendations for discrete logarithm-based cryptography: Elliptic curve domain parameters},
  author      = {Chen, Lily and Moody, Dustin and Regenscheid, Andrew and Randall, Karen},
  year        = {2019},
  institution = {National Institute of Standards and Technology}
}
@inproceedings{FactorRSA,
  title        = {Factoring RSA keys in the IoT era},
  author       = {Kilgallin, Jonathan and Vasko, Ross},
  booktitle    = {2019 First IEEE International Conference on Trust, Privacy and Security in Intelligent Systems and Applications (TPS-ISA)},
  pages        = {184--189},
  year         = {2019},
  organization = {IEEE}
}


@inproceedings{exTNFS2016,
  title        = {{Extended tower number field sieve: A new complexity for the medium prime case}},
  author       = {Kim, Taechan and Barbulescu, Razvan},
  booktitle    = {{Annual international cryptology conference}},
  pages        = {543--571},
  year         = {2016},
  organization = {Springer}
}

@manual{circl,
  title        = {{Introducing CIRCL: An Advanced Cryptographic Library}},
  author       = {Armando Faz-Hern\'{a}ndez and Kris Kwiatkowski},
  organization = {Cloudflare},
  abstract     = {{CIRCL (Cloudflare Interoperable, Reusable Cryptographic Library) is
                  a collection of cryptographic primitives written in Go. The goal
                  of this library is to be used as a tool for experimental
                  deployment of cryptographic algorithms targeting Post-Quantum (PQ)
                  and Elliptic Curve Cryptography (ECC).}},
  note         = {Available at \url{https://github.com/cloudflare/circl}. v1.3.7 Accessed Dec, 2023},
  month        = jun,
  year         = {2019}
}

@article{RFC4085randomness,
  title   = {{ Randomness Requirements for Security}},
  year    = {2005},
  journal = {RFC 4085,},
  author  = {Eastlake, DOnald E. and Crocker, Steve and Schiller, Jeffrey I.},
  url     = {{ https://datatracker.ietf.org/doc/rfc4086/}}
}

@article{regev2009lattices,
  title     = {{On Lattices, Learning with Errors, Random linear codes, and Cryptography}},
  author    = {Regev, Oded},
  journal   = {Journal of the ACM (JACM)},
  volume    = {56},
  number    = {6},
  pages     = {1--40},
  year      = {2009},
  publisher = {ACM New York, NY, USA}
}



@techreport{FIPS203,
  author      = {{National Institute of Standards and Technology}},
  title       = {{Module-Lattice-based Key-
                 Encapsulation Mechanism Standard}},
  institution = {Department of Commerce},
  address     = {Washington, D.C.},
  number      = {{Federal Information Processing Standards Publications (FIPS) NIST FIPS 203 ipd}},
  doi         = {https://doi.org/10.6028/NIST.FIPS.203.ipd},
  year        = {2023}
}

@inproceedings{karapistoli2012mac,
  title        = {{MAC protocols for ultra-wideband ad hoc and sensor networking: A survey}},
  author       = {Karapistoli, Eirini and Stratogiannis, Dimitrios G and Tsiropoulos, Georgios I and Pavlidou, Fotini-Niovi},
  booktitle    = {2012 IV International Congress on Ultra Modern Telecommunications and Control Systems},
  pages        = {834--841},
  year         = {2012},
  organization = {IEEE}
}


@article{privacypass,
  title   = {Privacy Pass: Bypassing Internet Challenges Anonymously.},
  author  = {Davidson, Alex and Goldberg, Ian and Sullivan, Nick and Tankersley, George and Valsorda, Filippo},
  journal = {Proc. Priv. Enhancing Technol.},
  volume  = {2018},
  number  = {3},
  pages   = {164--180},
  year    = {2018}
}


@inproceedings{privacypassMath,
  title        = {A Fast and Simple Partially Oblivious PRF, with Applications},
  author       = {Tyagi, Nirvan and Celi, Sof{\'\i}a and Ristenpart, Thomas and Sullivan, Nick and Tessaro, Stefano and Wood, Christopher A},
  booktitle    = {Advances in Cryptology--EUROCRYPT 2022: 41st Annual International Conference on the Theory and Applications of Cryptographic Techniques, Trondheim, Norway, May 30--June 3, 2022, Proceedings, Part II},
  pages        = {674--705},
  year         = {2022},
  organization = {Springer}
}


@article{NIST-SP-800-52-r2,
  title   = {{Guidelines for the Selection, Configuration, and Use of Transport Layer Security (TLS) Implementations}},
  author  = {Kerry A. McKay and David A. Cooper},
  journal = {{National Institute of Standards and  Technology, Gaithersburg, MD,}},
  year    = {2019},
  volume  = {NIST SP 800-52r2},
  doi     = {10.6028/NIST.SP.800-52r2}
}

@article{RFC7748,
  title   = {{ Elliptic Curves for Security}},
  year    = {2016},
  journal = {RFC 7748,},
  author  = {Langley, A and Hamburg, M and Turner, S},
  url     = {{ https://www.rfc-editor.org/rfc/rfc7748}}
}
@article{RFC5639,
  title   = {{ ECC Brainpool Standard Curves \& Curve Generation}},
  year    = {2010},
  journal = {RFC 5639,},
  author  = {Lochter, Manfred and Merkle, Johannes},
  url     = {{ https://www.rfc-editor.org/rfc/rfc5639.html}}
}

@inproceedings{cremers2021buffing,
  title        = {{BUFFing signature schemes beyond unforgeability and the case of post-quantum signatures}},
  author       = {Cremers, Cas and D{\"u}zl{\"u}, Samed and Fiedler, Rune and Fischlin, Marc and Janson, Christian},
  booktitle    = {{2021 IEEE Symposium on Security and Privacy (SP)}},
  pages        = {1696--1714},
  year         = {2021},
  organization = {IEEE}
}

@article{dilithium2020,
  title   = {{CRYSTALS-dilithium: Algorithm specifications and supporting documentation}},
  author  = {Bai, Shi and Ducas, L{\'e}o and Kiltz, Eike and Lepoint, Tancrede and Lyubashevsky, Vadim and Schwabe, Peter and Seiler, Gregor and Stehl{\'e}, Damien},
  journal = {{Submission to the NIST Post-Quantum Cryptography Standardization process}},
  volume  = {3},
  year    = {2020}
}

@inproceedings{kiltz2018concrete,
  title        = {{A concrete treatment of Fiat-Shamir signatures in the quantum random-oracle model}},
  author       = {Kiltz, Eike and Lyubashevsky, Vadim and Schaffner, Christian},
  booktitle    = {{Advances in Cryptology--EUROCRYPT 2018: 37th Annual International Conference on the Theory and Applications of Cryptographic Techniques, Tel Aviv, Israel, April 29-May 3, 2018 Proceedings, Part III 37}},
  pages        = {552--586},
  year         = {2018},
  organization = {Springer}
}

@inproceedings{lyubashevsky2009fiat,
  title        = {{Fiat-Shamir with aborts: Applications to lattice and factoring-based signatures}},
  author       = {Lyubashevsky, Vadim},
  booktitle    = {{Advances in Cryptology--ASIACRYPT 2009: 15th International Conference on the Theory and Application of Cryptology and Information Security, Tokyo, Japan, December 6-10, 2009. Proceedings 15}},
  pages        = {598--616},
  year         = {2009},
  organization = {Springer}
}
@inproceedings{hofheinz2017modular,
  title        = {A modular analysis of the Fujisaki-Okamoto transformation},
  author       = {Hofheinz, Dennis and H{\"o}velmanns, Kathrin and Kiltz, Eike},
  booktitle    = {Theory of Cryptography: 15th International Conference, TCC 2017, Baltimore, MD, USA, November 12-15, 2017, Proceedings, Part I},
  pages        = {341--371},
  year         = {2017},
  organization = {Springer}
}

@inproceedings{saito2018tightly,
  title        = {Tightly-secure key-encapsulation mechanism in the quantum random oracle model},
  author       = {Saito, Tsunekazu and Xagawa, Keita and Yamakawa, Takashi},
  booktitle    = {Advances in Cryptology--EUROCRYPT 2018: 37th Annual International Conference on the Theory and Applications of Cryptographic Techniques, Tel Aviv, Israel, April 29-May 3, 2018 Proceedings, Part III 37},
  pages        = {520--551},
  year         = {2018},
  organization = {Springer}
}

@inproceedings{mukherjee2020lattice,
  title        = {Lattice reduction for modules, or how to reduce moduleSVP to moduleSVP},
  author       = {Mukherjee, Tamalika and Stephens-Davidowitz, Noah},
  booktitle    = {Advances in Cryptology--CRYPTO 2020: 40th Annual International Cryptology Conference, CRYPTO 2020, Santa Barbara, CA, USA, August 17--21, 2020, Proceedings, Part II},
  pages        = {213--242},
  year         = {2020},
  organization = {Springer}
}

@article{langlois2015reduction,
  title     = {{Worst-case to average-case reductions for module lattices}},
  author    = {Langlois, Adeline and Stehl{\'e}, Damien},
  journal   = {{Designs, Codes and Cryptography}},
  volume    = {75},
  number    = {3},
  pages     = {565--599},
  year      = {2015},
  publisher = {Springer}
}

@inproceedings{fujisaki1999,
  title        = {Secure integration of asymmetric and symmetric encryption schemes},
  author       = {Fujisaki, Eiichiro and Okamoto, Tatsuaki},
  booktitle    = {Advances in Cryptology—CRYPTO’99: 19th Annual International Cryptology Conference Santa Barbara, California, USA, August 15--19, 1999 Proceedings},
  pages        = {537--554},
  year         = {1999},
  organization = {Springer}
}



@inproceedings{crystals2018,
  title        = {{CRYSTALS-Kyber: a CCA-secure module-lattice-based KEM}},
  author       = {Bos, Joppe and Ducas, L{\'e}o and Kiltz, Eike and Lepoint, Tancr{\`e}de and Lyubashevsky, Vadim and Schanck, John M and Schwabe, Peter and Seiler, Gregor and Stehl{\'e}, Damien},
  booktitle    = {{2018 IEEE European Symposium on Security and Privacy (EuroS\&P)}},
  pages        = {353--367},
  year         = {2018},
  organization = {IEEE}
}

@article{NIST-IR8413upd1,
  title   = {{Status Report on the Third Round of the NIST Post-Quantum Cryptography Standardization Process}},
  author  = {Alagic, Gorjan and Apon, Daniel and Cooper, David and Dang, Quynh and Dang, Thinh and Kelsey, John and Lichtinger, Jacob and Liu, Yi-Kai and Miller, Carl and Moody, Dustin and Peralta, Rene and Perlner, Ray and Robinson, Angela and Smith-Tone, Daniel},
  journal = {{National Institute of Standards and  Technology, Gaithersburg, MD}},
  year    = {2022},
  volume  = {NIST IR 8413-upd1},
  doi     = {10.6028/NIST.IR.8413-upd1}
}

@inproceedings{mp-spdz,
  author    = {Marcel Keller},
  title     = {{MP-SPDZ}: A Versatile Framework for Multi-Party Computation},
  booktitle = {Proceedings of the 2020 ACM SIGSAC Conference on
               Computer and Communications Security},
  year      = {2020},
  doi       = {10.1145/3372297.3417872}
}

@misc{SPDZ-2011,
  author       = {I.  Damgard and V.  Pastro and N. P.  Smart and S.  Zakarias},
  title        = {Multiparty Computation from Somewhat Homomorphic Encryption},
  howpublished = {Cryptology ePrint Archive, Paper 2011/535},
  year         = {2011},
  note         = {\url{https://eprint.iacr.org/2011/535}}
}



@misc{sealcrypto,
  author       = {Microsoft},
  title        = {{M}icrosoft {SEAL} (release 4.1)},
  howpublished = {\url{https://github.com/Microsoft/SEAL}},
  month        = jan,
  year         = 2023,
  note         = {Microsoft Research, Redmond, WA.}
}
    
@misc{OpenFHE,
  author       = {Ahmad Al Badawi and Jack Bates and Flavio Bergamaschi and David Bruce Cousins and Saroja Erabelli and Nicholas Genise and Shai Halevi and Hamish Hunt and Andrey Kim and Yongwoo Lee and Zeyu Liu and Daniele Micciancio and Ian Quah and Yuriy Polyakov and Saraswathy R.V. and Kurt Rohloff and Jonathan Saylor and Dmitriy Suponitsky and Matthew Triplett and Vinod Vaikuntanathan and Vincent Zucca},
  title        = {OpenFHE: Open-Source Fully Homomorphic Encryption Library},
  howpublished = {Cryptology ePrint Archive, Paper 2022/915},
  year         = {2022},
  note         = {\url{https://eprint.iacr.org/2022/915}},
  url          = {https://eprint.iacr.org/2022/915}
}

@article{RFC8174,
  title   = {{ Ambiguity of Uppercase vs Lowercase in RFC 2119 Key Words}},
  year    = {2017},
  journal = {RFC 8174,},
  author  = {Leiba, Barry},
  url     = {{ https://www.rfc-editor.org/info/rfc8174}}
}

@article{NIST-SP-800-186,
  author  = {{Chen, L. and Moody, D.  and Regenscheid, A.  and Robinson, A. and Randall, K.}},
  journal = {{National Institute of Standards and  Technology, Gaithersburg, MD, NIST Special Publication (SP)}},
  month   = {Feb.},
  title   = {{Recommendations for Discrete Logarithm-based Cryptography: Elliptic Curve Domain Parameters}},
  volume  = {NIST SP 800-186-5},
  year    = {2023},
  doi     = {10.6028/NIST.SP.800-186}
}


@inproceedings{ASOP_2022,
  author    = {Reaz, Khan and Wunder, Gerhard},
  booktitle = {2022 6th Cyber Security in Networking Conference (CSNet)},
  title     = {ASOP: A Sovereign and Secure Device Onboarding Protocol for Cloud-based IoT Services},
  year      = {2022},
  volume    = {},
  number    = {},
  pages     = {1-3},
  doi       = {10.1109/CSNet56116.2022.9955610}
}

@inproceedings{expectation_entropy2022,
  author    = {Reaz, Khan and Wunder, Gerhard},
  booktitle = {2022 IEEE Conference on Communications and Network Security (CNS)},
  title     = {Expectation Entropy as a Password Strength Metric},
  year      = {2022},
  volume    = {},
  number    = {},
  pages     = {1-2},
  doi       = {10.1109/CNS56114.2022.9947259}
}



@article{rfc8032,
  title   = {{ Edwards-Curve Digital Signature Algorithm (EdDSA)}},
  year    = {2017},
  journal = {RFC 8032,},
  author  = {Josefsson, Simon and Liusvaara, Ilari},
  note    = { \url{ http://www.rfc-editor.org/info/rfc8032 }}
}

@article{nist-fips-186-5,
  author  = {{National Institute of Standards and  Technology (NIST)}},
  journal = {{Federal Information Processing Standards Publication}},
  month   = {Feb.},
  title   = {{Digital Signature Standard (DSS). (Department of Commerce, Washington, DC.)}},
  volume  = {FIPS 186-5},
  year    = {2023},
  url     = {https://doi.org/10.6028/NIST.FIPS.186-5}
}


@misc{googletink,
  author = {{Google Developers,}},
  title  = {{Tink Open Source Cryptographic Library}},
  note   = {accessed: 2023-02-01},
  url    = {https://developers.google.com/tink}
} 

@inproceedings{ruppersberger2012investigative,
  title     = {{Investigative Report on the US National Security Issues Posed by Chinese Telecommunications Companies Huawei and ZTE}},
  author    = {Ruppersberger, CA and Rogers, Mike},
  booktitle = {{United States. Congress. House. Permanent Select Committee on Intelligence}},
  year      = {2012}
}

@article{nato-huawei,
  title   = {{Huawei, 5G and China as a security threat}},
  author  = {Kaska, Kadri and Beckvard, Henrik and Min{\'a}rik, Tom{\'a}{\v{s}}},
  journal = {{NATO Cooperative Cyber Defence Center for Excellence (CCDCOE)}},
  volume  = {28},
  year    = {2019}
}

@misc{fido2013,
  title   = {{FIDO Universal Authentication Framework Architectural Overview}},
  author  = {Machani, Salah and Philpott, Rob and Srinivas, Sampath and others},
  year    = {2013},
  journal = {available at:\url{https://fidoalliance.org/fido2/}}
}


@techreport{nistnetwork-onboarding,
  title       = {{Trusted Internet of Things (IoT) device network-layer onboarding and lifecycle management (draft)}},
  author      = {Symington, Susan and Polk, W and Souppaya, Murugiah},
  year        = {2020},
  institution = {National Institute of Standards and Technology}
}


@inproceedings{reazComPassIMIS2021,
  author    = {Reaz, Khan
               and Wunder, Gerhard},
  title     = {{ComPass: Proximity Aware Common Passphrase Agreement Protocol for Wi-Fi Devices Using Physical Layer Security}},
  booktitle = {{Innovative Mobile and Internet Services in Ubiquitous Computing}},
  year      = {2022},
  publisher = {{Springer International Publishing}},
  pages     = {263--275}
}

@article{crystals,
  title   = {{CRYSTALS-KYBER algorithm specifications and supporting documentation}},
  author  = {Avanzi, Roberto and Bos, Joppe and Ducas, L{\'e}o and others},
  journal = {NIST Post Quantum Cryptography Finalists},
  note    = {\url{https://is.gd/4oE9dy}},
  year    = {2022}
}

@article{phy2app,
  author  = {{Bundesministerium für Forschung und Bildung}},
  title   = {{ Erweiterung von Physical Layer Security für Ende-zu-Ende Absicherung des IoT (PHY2APP)}},
  year    = {2022},
  journal = {\url{https://is.gd/foSnNd}}
}


@article{safecurves2013,
  title   = {SafeCurves: choosing safe curves for elliptic-curve cryptography},
  author  = {Bernstein, Daniel J and Lange, Tanja and others},
  journal = {URL: http://safecurves. cr. yp. to},
  year    = {2013}
}


@article{rfc6238,
  title   = {{ TOTP: Time-Based One-Time Password Algorithm}},
  year    = {2011},
  journal = {RFC 6238,},
  author  = {M'Raihi, David and Machani, Salah and Pei, Mingliang and others},
  note    = { \url{ https://10.17487/RFC6238 }}
}

@inproceedings{cloudflareGooglePQC2020,
  title        = {{Benchmarking post-quantum cryptography in TLS}},
  author       = {Paquin, Christian and Stebila, Douglas and Tamvada, Goutam},
  booktitle    = {{International Conference on Post-Quantum Cryptography}},
  pages        = {72--91},
  year         = {2020},
  organization = {Springer}
}


@article{oath2reference,
  title   = {Reference Architecture},
  author  = {{Initiative for Open Authentication(OATH)}},
  journal = {Release},
  volume  = {2},
  year    = {2004--2007}
}

@misc{IDC2018,
  author    = {{International Data Corporation}},
  title     = {{ Worldwide Semiannual Internet of Things Spending Guide}},
  publisher = {{IDC}},
  year      = {2018},
  note      = {available at: \url{https://is.gd/qsA2cJ}}
}

@article{intelsdo,
  title   = {{Intel{\textregistered} Secure Device Onboard}},
  author  = {{INTEL}},
  journal = {More secure, automated IoT device onboarding in seconds},
  note    = {available at: \url{https://is.gd/8NGvPs}},
  year    = {2019}
}

@article{proverif2021,
  title   = {Proverif 2.00: automatic cryptographic protocol verifier, user manual and tutorial},
  author  = {Blanchet, Bruno and Smyth, Ben and Cheval, Vincent and Sylvestre, Marc},
  journal = {Accessed: Feb},
  volume  = {7},
  pages   = {2022},
  year    = {2021}
}

@inproceedings{scyther2008,
  title     = {{The Scyther Tool: Verification, Falsification, and Analysis of Security Protocols}},
  author    = {Cremers, Cas J},
  booktitle = {Proceedings of the 20th international conference on Computer Aided Verification},
  pages     = {414--418},
  year      = {2008}
}

@inproceedings{tamarin2013,
  title     = {{The TAMARIN Prover for the Symbolic Analysis of Security Protocols}},
  author    = {Meier, Simon and Schmidt, Benedikt and Cremers, Cas and Basin, David},
  booktitle = {Proceedings of the 25th International Conference on Computer Aided Verification-Volume 8044},
  pages     = {696--701},
  year      = {2013}
}

@article{fido2021,
  title   = {{FIDO Device Onboard Specification 1.1}},
  author  = {Cooper, Geoffrey and Behm, Brad and Chakraborty and others},
  journal = {FIDO Specification},
  year    = {2021},
  note    = {\url{https://fidoalliance.org/specifications/}}
}



%%%%%%%%%%%%%%%%%%%%%%Samples
@patent{wilkinson_1990,
  author  = {J. P. Wilkinson},
  title   = {Nonlinear resonant circuit devices},
  address = {United States},
  number  = {3 624 125},
  day     = {16},
  month   = {aug},
  year    = {1990}
}
@techreport{SP80053r4,
  author      = {{Joint Task Force Transformation Initiative Interagency Working Group}},
  title       = {Security and Privacy Controls for Federal Information Systems and Organizations},
  institution = {National Institute of Standards and Technology},
  address     = {Gaithersburg, MD},
  number      = {NIST Special Publication (SP) 800-53, Rev. 4, Includes updates as of January 22, 2015},
  doi         = {10.6028/NIST.SP.800-53r4},
  year        = {2013}
}
@techreport{FIPS1402,
  author      = {{National Institute of Standards and Technology}},
  title       = {Security Requirements for Cryptographic Modules},
  institution = {U.S. Department of Commerce},
  address     = {Washington, D.C.},
  number      = {Federal Information Processing Standards Publications (FIPS PUBS) 140-2, Change Notice 2 December 03, 2002},
  doi         = {10.6028/NIST.FIPS.140-2},
  year        = {2001}
}
@article{Xiong2015,
  author   = {H. Xiong},
  journal  = {Chinese Journal of Electronics},
  title    = {Multi-level Bell-Type Inequality from Information Causality and Noisy Computations},
  year     = {2015},
  volume   = {24},
  number   = {2},
  pages    = {408-413},
  keywords = {communication complexity;probability;quantum communication;quantum computing;NS-box;RAC;Tsirelson bounds;communication complexity;independent identically distribution;information causality;multilevel Bell-type inequality;no-signaling box;noisy computations;nonlocal quantum computation;random access code;symmetric quantum channels;uniform input marginal probabilities},
  doi      = {10.1049/cje.2015.04.031},
  issn     = {1022-4653},
  month    = {}
}


@article{Prives2016,
  author   = {L. Prives},
  journal  = {IEEE Women in Engineering Magazine},
  title    = {For Whom the Bell Tolls: Inventing success through creativity and analytical skills [WIE from Around the World]},
  year     = {2016},
  volume   = {10},
  number   = {1},
  pages    = {37-39},
  keywords = {Creativity;Education;Engineering profession;Media;Technological innovation},
  doi      = {10.1109/MWIE.2016.2535841},
  issn     = {1942-065X},
  month    = {June}
}

@article{Roberts1982,
  author  = {L. J. Roberts},
  journal = {SMPTE Journal},
  title   = {Cameras and Systems: A History of Contributions from the Bell; Howell Co. (Part I)},
  year    = {1982},
  volume  = {91},
  number  = {10},
  pages   = {934-946},
  doi     = {10.5594/J00229},
  issn    = {0036-1682},
  month   = {Oct}
}

@inproceedings{Maloney2016,
  author    = {T. J. Maloney},
  booktitle = {38th Electrical Overstress/Electrostatic Discharge Symposium (EOS/ESD)},
  title     = {Unified model of 1-D pulsed heating, combining Wunsch-Bell with the Dwyer curve: This paper is co-copyrighted by Intel Corporation and the ESD association},
  year      = {2016},
  pages     = {1-8},
  keywords  = {electrostatic discharge;heat sinks;heat transfer;integrated circuit modelling;1-D pulsed heating;Dwyer curve;Wunsch-Bell relation;heat flow;power-to-fail curves;Analytical models;Convolution;Heat sinks;Impedance;Resistance heating;Steady-state},
  doi       = {10.1109/EOSESD.2016.7592562},
  volume    = 22,
  publisher = {Publisher name, location},
  month     = {Sept}
}

@book{giancoli2008physics,
  title     = {Physics for Scientists and Engineers with Modern Physics},
  author    = {Giancoli, D.C.},
  isbn      = {9780131495081},
  lccn      = {2006039431},
  pages     = {123-124},
  edition   = {4},
  year      = {2008},
  publisher = {Pearson Education}
}

@inbook{Eston1993,
  author    = {Peter Eston},
  title     = {Book section title},
  pages     = {201-213},
  chapter   = {8},
  publisher = {The name of the publisher},
  address   = {The address of the publisher},
  year      = {1993},
  volume    = {4},
  edition   = {3},
  month     = {7}
}

@techreport{MSU-CSE-06-2,
  author        = {R. Behrends and L. K. Dillon and S. D. Fleming and
                   R. E. K. Stirewalt},
  title         = {White paper: Programming according to the fences and gates
                   model for developing assured, secure software
                   systems},
  number        = {MSU-CSE-06-2},
  institution   = {Department of Computer Science, Michigan State University},
  address       = {East Lansing, Michigan},
  abstract      = {This white paper describes extensions to our work on the
                   Synchronization Units Model (Szumo) to address the
                   access-control problem in systems assembled dynamically from
                   trusted and untrusted components. Our extension employs
                   explicitly declared design contracts, the semantics of which
                   are founded on Landwehr's model of fences and gates.
                   },
  keywords      = {access control, security, contracts, Szumo},
  note          = {},
  month         = {January},
  year          = {2006},
  author1_url   = {http://www.poker-ping.info},
  author1_email = {kel@wondering-jons.com},
  author1_url   = {},
  author1_email = {behrends@cse.msu.edu},
  author2_url   = {Sle},
  author2_email = {Poker Ping},
  author2_url   = {http://www.cse.msu.edu/~stire},
  author2_email = {stire@cse.msu.edu},
  pages         = {3},
  file          = {/user/web/htdocs/publications/tech/TR/MSU-CSE-06-2.ps},
  doi           = {},
  contact       = {stire@cse.msu.edu}
}


@incollection{Farindon,
  author    = {Peter Farindon},
  title     = {The title of the collection section},
  booktitle = {The title of the book},
  publisher = {The name of the publisher},
  year      = {1993},
  editor    = {Firstname Lastname},
  volume    = {4},
  chapter   = {8},
  pages     = {201-213},
  address   = {The address of the publisher},
  edition   = {3},
  month     = {7},
  doi       = {}
}

@unpublished{Marcheford,
  author = {Peter Marcheford},
  title  = {The title of the unpublished work},
  month  = {7},
  year   = {1993}
}

@phdthesis{Joslin,
  author  = {Peter Joslin},
  title   = {The title of the PhD Thesis},
  school  = {The school of the thesis},
  year    = {1993},
  address = {The address of the publisher},
  month   = {7},
  note    = {An optional note}
}
@booklet{Caxton,
  title        = {The title of the booklet},
  author       = {Peter Caxton},
  howpublished = {How it was published},
  address      = {The address of the publisher},
  month        = {7},
  year         = {1993},
  note         = {An optional note}
}


@misc{Isley,
  author = {Peter Isley},
  title  = {The title of the webpage},
  month  = {7},
  year   = {1993},
  url    = {https://nist.gov}
}           